@inproceedings{brown2016baby,
  title={Baby Tartanian8: Winning Agent from the 2016 Annual Computer Poker Competition.},
  author={Brown, Noam and Sandholm, Tuomas},
  booktitle={IJCAI},
  pages={4238--4239},
  year={2016}
}

@inproceedings{ganzfried2011game,
  title={Game theory-based opponent modeling in large imperfect-information games},
  author={Ganzfried, Sam and Sandholm, Tuomas},
  booktitle={The 10th International Conference on Autonomous Agents and Multiagent Systems-Volume 2},
  pages={533--540},
  year={2011},
  organization={Citeseer}
}

@inproceedings{johanson2012efficient,
  title={Efficient Nash equilibrium approximation through Monte Carlo counterfactual regret minimization.},
  author={Johanson, Michael and Bard, Nolan and Lanctot, Marc and Gibson, Richard G and Bowling, Michael},
  booktitle={AAMAS},
  pages={837--846},
  year={2012},
  organization={Citeseer}
}

@article{moravvcik2017deepstack,
  title={Deepstack: Expert-level artificial intelligence in heads-up no-limit poker},
  author={Morav{\v{c}}{\'\i}k, Matej and Schmid, Martin and Burch, Neil and Lis{\`y}, Viliam and Morrill, Dustin and Bard, Nolan and Davis, Trevor and Waugh, Kevin and Johanson, Michael and Bowling, Michael},
  journal={Science},
  volume={356},
  number={6337},
  pages={508--513},
  year={2017},
  publisher={American Association for the Advancement of Science}
}

@article{ganzfried2015safe,
  title={Safe opponent exploitation},
  author={Ganzfried, Sam and Sandholm, Tuomas},
  journal={ACM Transactions on Economics and Computation (TEAC)},
  volume={3},
  number={2},
  pages={1--28},
  year={2015},
  publisher={ACM New York, NY, USA}
}

@article{brown2018superhuman,
  title={Superhuman AI for heads-up no-limit poker: Libratus beats top professionals},
  author={Brown, Noam and Sandholm, Tuomas},
  journal={Science},
  volume={359},
  number={6374},
  pages={418--424},
  year={2018},
  publisher={American Association for the Advancement of Science}
}

% get taught and exploited problem
@article{SANDHOLM2007382,
title = {Perspectives on multiagent learning},
journal = {Artificial Intelligence},
volume = {171},
number = {7},
pages = {382-391},
year = {2007},
note = {Foundations of Multi-Agent Learning},
issn = {0004-3702},
doi = {https://doi.org/10.1016/j.artint.2007.02.004},
url = {https://www.sciencedirect.com/science/article/pii/S0004370207000525},
author = {Tuomas Sandholm},
}

@article{lstm,
author = {Hochreiter, Sepp and Schmidhuber, J\"{u}rgen},
title = {Long Short-Term Memory},
year = {1997},
issue_date = {November 15, 1997},
publisher = {MIT Press},
address = {Cambridge, MA, USA},
volume = {9},
number = {8},
issn = {0899-7667},
url = {https://doi.org/10.1162/neco.1997.9.8.1735},
doi = {10.1162/neco.1997.9.8.1735},
journal = {Neural Comput.},
month = nov,
pages = {1735â€“1780},
numpages = {46}
}

@inproceedings{johanson2011accelerating,
  title={Accelerating best response calculation in large extensive games},
  author={Johanson, Michael and Waugh, Kevin and Bowling, Michael and Zinkevich, Martin},
  booktitle={IJCAI},
  volume={11},
  pages={258--265},
  year={2011}
}

@article{kuhn1950simplified,
  title={A simplified two-person poker},
  author={Kuhn, Harold W},
  journal={Contributions to the Theory of Games},
  volume={1},
  pages={97--103},
  year={1950}
}

@article{nash1950equilibrium,
  title={Equilibrium points in n-person games},
  author={Nash, John F and others},
  journal={Proceedings of the national academy of sciences},
  volume={36},
  number={1},
  pages={48--49},
  year={1950},
  publisher={USA}
}

@inproceedings{johanson2013evaluating,
  title={Evaluating state-space abstractions in extensive-form games},
  author={Johanson, Michael and Burch, Neil and Valenzano, Richard and Bowling, Michael},
  booktitle={Proceedings of the 2013 international conference on Autonomous agents and multi-agent systems},
  pages={271--278},
  year={2013}
}

@article{moriarty1997forming,
  title={Forming neural networks through efficient and adaptive coevolution},
  author={Moriarty, David E and Miikkulainen, Risto},
  journal={Evolutionary computation},
  volume={5},
  number={4},
  pages={373--399},
  year={1997},
  publisher={MIT Press}
}

@article{rosin1997new,
  title={New methods for competitive coevolution},
  author={Rosin, Christopher D and Belew, Richard K},
  journal={Evolutionary computation},
  volume={5},
  number={1},
  pages={1--29},
  year={1997},
  publisher={MIT Press}
}

@article{zha2019rlcard,
  title={RLCard: A Toolkit for Reinforcement Learning in Card Games},
  author={Zha, Daochen and Lai, Kwei-Herng and Cao, Yuanpu and Huang, Songyi and Wei, Ruzhe and Guo, Junyu and Hu, Xia},
  journal={arXiv preprint arXiv:1910.04376},
  year={2019}
}

@article{DBLP:journals/corr/MnihKSGAWR13,
  author    = {Volodymyr Mnih and
               Koray Kavukcuoglu and
               David Silver and
               Alex Graves and
               Ioannis Antonoglou and
               Daan Wierstra and
               Martin A. Riedmiller},
  title     = {Playing Atari with Deep Reinforcement Learning},
  journal   = {CoRR},
  volume    = {abs/1312.5602},
  year      = {2013},
  url       = {http://arxiv.org/abs/1312.5602},
  archivePrefix = {arXiv},
  eprint    = {1312.5602},
  timestamp = {Mon, 13 Aug 2018 16:47:42 +0200},
  biburl    = {https://dblp.org/rec/journals/corr/MnihKSGAWR13.bib},
  bibsource = {dblp computer science bibliography, https://dblp.org}
}

@misc{zackthoutt2017,
  author = {Zack Thoutt},
  title = {Game Of Throne Book 6 Generator},
  year = {2017},
  publisher = {GitHub},
  journal = {GitHub repository},
  howpublished = {\url{https://github.com/zackthoutt/got-book-6}},
  commit = {c1d2d62a5a5f0beffbac2c657d59fec1f8ad4c07}
}

% TODO not sure about this one
@article{kotecha2018generating,
  title={Generating music using an LSTM network},
  author={Kotecha, Nikhil and Young, Paul},
  journal={arXiv preprint arXiv:1804.07300},
  year={2018}
}

@article{watkins1992q,
  title={Q-learning},
  author={Watkins, Christopher JCH and Dayan, Peter},
  journal={Machine learning},
  volume={8},
  number={3-4},
  pages={279--292},
  year={1992},
  publisher={Springer}
}

@article{mnih2015human,
  title={Human-level control through deep reinforcement learning},
  author={Mnih, Volodymyr and Kavukcuoglu, Koray and Silver, David and Rusu, Andrei A and Veness, Joel and Bellemare, Marc G and Graves, Alex and Riedmiller, Martin and Fidjeland, Andreas K and Ostrovski, Georg and others},
  journal={nature},
  volume={518},
  number={7540},
  pages={529--533},
  year={2015},
  publisher={Nature Publishing Group}
}

@article{bellemare2013arcade,
  title={The arcade learning environment: An evaluation platform for general agents},
  author={Bellemare, Marc G and Naddaf, Yavar and Veness, Joel and Bowling, Michael},
  journal={Journal of Artificial Intelligence Research},
  volume={47},
  pages={253--279},
  year={2013}
}

@article{chen2016deep,
  title={Deep q-learning with recurrent neural networks},
  author={Chen, Clare and Ying, Vincent and Laird, Dillon},
  journal={Stanford Cs229 Course Report},
  volume={4},
  pages={3},
  year={2016}
}

@article{sorokin2015deep,
  title={Deep attention recurrent Q-network},
  author={Sorokin, Ivan and Seleznev, Alexey and Pavlov, Mikhail and Fedorov, Aleksandr and Ignateva, Anastasiia},
  journal={arXiv preprint arXiv:1512.01693},
  year={2015}
}

@article{golberg1989genetic,
  title={Genetic algorithms in search, optimization, and machine learning},
  author={Golberg, David E},
  journal={Addion wesley},
  volume={1989},
  number={102},
  pages={36},
  year={1989}
}

@incollection{goldberg1991comparative,
  title={A comparative analysis of selection schemes used in genetic algorithms},
  author={Goldberg, David E and Deb, Kalyanmoy},
  booktitle={Foundations of genetic algorithms},
  volume={1},
  pages={69--93},
  year={1991},
  publisher={Elsevier}
}

@incollection{shap,
title = {A Unified Approach to Interpreting Model Predictions},
author = {Lundberg, Scott M and Lee, Su-In},
booktitle = {Advances in Neural Information Processing Systems 30},
editor = {I. Guyon and U. V. Luxburg and S. Bengio and H. Wallach and R. Fergus and S. Vishwanathan and R. Garnett},
pages = {4765--4774},
year = {2017},
publisher = {Curran Associates, Inc.},
url = {http://papers.nips.cc/paper/7062-a-unified-approach-to-interpreting-model-predictions.pdf}
}

@inproceedings{MCCFRschmid2019variance,
  title={Variance reduction in monte carlo counterfactual regret minimization (VR-MCCFR) for extensive form games using baselines},
  author={Schmid, Martin and Burch, Neil and Lanctot, Marc and Moravcik, Matej and Kadlec, Rudolf and Bowling, Michael},
  booktitle={Proceedings of the AAAI Conference on Artificial Intelligence},
  volume={33},
  number={01},
  pages={2157--2164},
  year={2019}
}

@article{MCCFRlanctot2009monte,
  title={Monte Carlo sampling for regret minimization in extensive games},
  author={Lanctot, Marc and Waugh, Kevin and Zinkevich, Martin and Bowling, Michael},
  journal={Advances in neural information processing systems},
  volume={22},
  pages={1078--1086},
  year={2009}
}